%YAML 1.1
%TAG !u! tag:unity3d.com,2011:
--- !u!1 &100312
GameObject:
  m_ObjectHideFlags: 1
  m_PrefabParentObject: {fileID: 0}
  m_PrefabInternal: {fileID: 100100000}
  serializedVersion: 4
  m_Component:
  - 4: {fileID: 471940}
  m_Layer: 0
  m_Name: toe_L
  m_TagString: Untagged
  m_Icon: {fileID: 0}
  m_NavMeshLayer: 0
  m_StaticEditorFlags: 0
  m_IsActive: 1
--- !u!1 &103062
GameObject:
  m_ObjectHideFlags: 1
  m_PrefabParentObject: {fileID: 0}
  m_PrefabInternal: {fileID: 100100000}
  serializedVersion: 4
  m_Component:
  - 4: {fileID: 449394}
  m_Layer: 0
  m_Name: toe_R
  m_TagString: Untagged
  m_Icon: {fileID: 0}
  m_NavMeshLayer: 0
  m_StaticEditorFlags: 0
  m_IsActive: 1
--- !u!1 &103328
GameObject:
  m_ObjectHideFlags: 1
  m_PrefabParentObject: {fileID: 0}
  m_PrefabInternal: {fileID: 100100000}
  serializedVersion: 4
  m_Component:
  - 4: {fileID: 440136}
  m_Layer: 0
  m_Name: hand_L
  m_TagString: Untagged
  m_Icon: {fileID: 0}
  m_NavMeshLayer: 0
  m_StaticEditorFlags: 0
  m_IsActive: 1
--- !u!1 &110250
GameObject:
  m_ObjectHideFlags: 0
  m_PrefabParentObject: {fileID: 0}
  m_PrefabInternal: {fileID: 100100000}
  serializedVersion: 4
  m_Component:
  - 4: {fileID: 411904}
  - 137: {fileID: 13796032}
  m_Layer: 0
  m_Name: Hero
  m_TagString: Untagged
  m_Icon: {fileID: 0}
  m_NavMeshLayer: 0
  m_StaticEditorFlags: 0
  m_IsActive: 1
--- !u!1 &111578
GameObject:
  m_ObjectHideFlags: 1
  m_PrefabParentObject: {fileID: 0}
  m_PrefabInternal: {fileID: 100100000}
  serializedVersion: 4
  m_Component:
  - 4: {fileID: 445548}
  m_Layer: 0
  m_Name: neck
  m_TagString: Untagged
  m_Icon: {fileID: 0}
  m_NavMeshLayer: 0
  m_StaticEditorFlags: 0
  m_IsActive: 1
--- !u!1 &117116
GameObject:
  m_ObjectHideFlags: 1
  m_PrefabParentObject: {fileID: 0}
  m_PrefabInternal: {fileID: 100100000}
  serializedVersion: 4
  m_Component:
  - 4: {fileID: 417268}
  m_Layer: 0
  m_Name: heel_R
  m_TagString: Untagged
  m_Icon: {fileID: 0}
  m_NavMeshLayer: 0
  m_StaticEditorFlags: 0
  m_IsActive: 1
--- !u!1 &121004
GameObject:
  m_ObjectHideFlags: 1
  m_PrefabParentObject: {fileID: 0}
  m_PrefabInternal: {fileID: 100100000}
  serializedVersion: 4
  m_Component:
  - 4: {fileID: 401662}
  m_Layer: 0
  m_Name: upper_arm_L
  m_TagString: Untagged
  m_Icon: {fileID: 0}
  m_NavMeshLayer: 0
  m_StaticEditorFlags: 0
  m_IsActive: 1
--- !u!1 &123686
GameObject:
  m_ObjectHideFlags: 0
  m_PrefabParentObject: {fileID: 0}
  m_PrefabInternal: {fileID: 100100000}
  serializedVersion: 4
  m_Component:
  - 4: {fileID: 443140}
  - 95: {fileID: 9593986}
  m_Layer: 0
  m_Name: Hero
  m_TagString: Untagged
  m_Icon: {fileID: 0}
  m_NavMeshLayer: 0
  m_StaticEditorFlags: 0
  m_IsActive: 1
--- !u!1 &125200
GameObject:
  m_ObjectHideFlags: 1
  m_PrefabParentObject: {fileID: 0}
  m_PrefabInternal: {fileID: 100100000}
  serializedVersion: 4
  m_Component:
  - 4: {fileID: 442742}
  m_Layer: 0
  m_Name: shoulder_R
  m_TagString: Untagged
  m_Icon: {fileID: 0}
  m_NavMeshLayer: 0
  m_StaticEditorFlags: 0
  m_IsActive: 1
--- !u!1 &126432
GameObject:
  m_ObjectHideFlags: 1
  m_PrefabParentObject: {fileID: 0}
  m_PrefabInternal: {fileID: 100100000}
  serializedVersion: 4
  m_Component:
  - 4: {fileID: 429954}
  m_Layer: 0
  m_Name: shin_L
  m_TagString: Untagged
  m_Icon: {fileID: 0}
  m_NavMeshLayer: 0
  m_StaticEditorFlags: 0
  m_IsActive: 1
--- !u!1 &127634
GameObject:
  m_ObjectHideFlags: 1
  m_PrefabParentObject: {fileID: 0}
  m_PrefabInternal: {fileID: 100100000}
  serializedVersion: 4
  m_Component:
  - 4: {fileID: 438952}
  m_Layer: 0
  m_Name: shoulder_L
  m_TagString: Untagged
  m_Icon: {fileID: 0}
  m_NavMeshLayer: 0
  m_StaticEditorFlags: 0
  m_IsActive: 1
--- !u!1 &131854
GameObject:
  m_ObjectHideFlags: 1
  m_PrefabParentObject: {fileID: 0}
  m_PrefabInternal: {fileID: 100100000}
  serializedVersion: 4
  m_Component:
  - 4: {fileID: 412454}
  m_Layer: 0
  m_Name: forearm_L
  m_TagString: Untagged
  m_Icon: {fileID: 0}
  m_NavMeshLayer: 0
  m_StaticEditorFlags: 0
  m_IsActive: 1
--- !u!1 &138510
GameObject:
  m_ObjectHideFlags: 1
  m_PrefabParentObject: {fileID: 0}
  m_PrefabInternal: {fileID: 100100000}
  serializedVersion: 4
  m_Component:
  - 4: {fileID: 472946}
  m_Layer: 0
  m_Name: hips
  m_TagString: Untagged
  m_Icon: {fileID: 0}
  m_NavMeshLayer: 0
  m_StaticEditorFlags: 0
  m_IsActive: 1
--- !u!1 &138588
GameObject:
  m_ObjectHideFlags: 1
  m_PrefabParentObject: {fileID: 0}
  m_PrefabInternal: {fileID: 100100000}
  serializedVersion: 4
  m_Component:
  - 4: {fileID: 439828}
  m_Layer: 0
  m_Name: spine
  m_TagString: Untagged
  m_Icon: {fileID: 0}
  m_NavMeshLayer: 0
  m_StaticEditorFlags: 0
  m_IsActive: 1
--- !u!1 &139574
GameObject:
  m_ObjectHideFlags: 1
  m_PrefabParentObject: {fileID: 0}
  m_PrefabInternal: {fileID: 100100000}
  serializedVersion: 4
  m_Component:
  - 4: {fileID: 452910}
  m_Layer: 0
  m_Name: heel_L
  m_TagString: Untagged
  m_Icon: {fileID: 0}
  m_NavMeshLayer: 0
  m_StaticEditorFlags: 0
  m_IsActive: 1
--- !u!1 &148152
GameObject:
  m_ObjectHideFlags: 1
  m_PrefabParentObject: {fileID: 0}
  m_PrefabInternal: {fileID: 100100000}
  serializedVersion: 4
  m_Component:
  - 4: {fileID: 472794}
  m_Layer: 0
  m_Name: head
  m_TagString: Untagged
  m_Icon: {fileID: 0}
  m_NavMeshLayer: 0
  m_StaticEditorFlags: 0
  m_IsActive: 1
--- !u!1 &149488
GameObject:
  m_ObjectHideFlags: 1
  m_PrefabParentObject: {fileID: 0}
  m_PrefabInternal: {fileID: 100100000}
  serializedVersion: 4
  m_Component:
  - 4: {fileID: 467486}
  m_Layer: 0
  m_Name: foot_R
  m_TagString: Untagged
  m_Icon: {fileID: 0}
  m_NavMeshLayer: 0
  m_StaticEditorFlags: 0
  m_IsActive: 1
--- !u!1 &153922
GameObject:
  m_ObjectHideFlags: 1
  m_PrefabParentObject: {fileID: 0}
  m_PrefabInternal: {fileID: 100100000}
  serializedVersion: 4
  m_Component:
  - 4: {fileID: 441216}
  m_Layer: 0
  m_Name: heel_02_L
  m_TagString: Untagged
  m_Icon: {fileID: 0}
  m_NavMeshLayer: 0
  m_StaticEditorFlags: 0
  m_IsActive: 1
--- !u!1 &160280
GameObject:
  m_ObjectHideFlags: 1
  m_PrefabParentObject: {fileID: 0}
  m_PrefabInternal: {fileID: 100100000}
  serializedVersion: 4
  m_Component:
  - 4: {fileID: 459994}
  m_Layer: 0
  m_Name: heel_02_R
  m_TagString: Untagged
  m_Icon: {fileID: 0}
  m_NavMeshLayer: 0
  m_StaticEditorFlags: 0
  m_IsActive: 1
--- !u!1 &165866
GameObject:
  m_ObjectHideFlags: 1
  m_PrefabParentObject: {fileID: 0}
  m_PrefabInternal: {fileID: 100100000}
  serializedVersion: 4
  m_Component:
  - 4: {fileID: 420644}
  m_Layer: 0
  m_Name: shin_R
  m_TagString: Untagged
  m_Icon: {fileID: 0}
  m_NavMeshLayer: 0
  m_StaticEditorFlags: 0
  m_IsActive: 1
--- !u!1 &166530
GameObject:
  m_ObjectHideFlags: 1
  m_PrefabParentObject: {fileID: 0}
  m_PrefabInternal: {fileID: 100100000}
  serializedVersion: 4
  m_Component:
  - 4: {fileID: 470498}
  m_Layer: 0
  m_Name: hand_R
  m_TagString: Untagged
  m_Icon: {fileID: 0}
  m_NavMeshLayer: 0
  m_StaticEditorFlags: 0
  m_IsActive: 1
--- !u!1 &174074
GameObject:
  m_ObjectHideFlags: 1
  m_PrefabParentObject: {fileID: 0}
  m_PrefabInternal: {fileID: 100100000}
  serializedVersion: 4
  m_Component:
  - 4: {fileID: 432658}
  m_Layer: 0
  m_Name: chest
  m_TagString: Untagged
  m_Icon: {fileID: 0}
  m_NavMeshLayer: 0
  m_StaticEditorFlags: 0
  m_IsActive: 1
--- !u!1 &177294
GameObject:
  m_ObjectHideFlags: 1
  m_PrefabParentObject: {fileID: 0}
  m_PrefabInternal: {fileID: 100100000}
  serializedVersion: 4
  m_Component:
  - 4: {fileID: 462400}
  m_Layer: 0
  m_Name: foot_L
  m_TagString: Untagged
  m_Icon: {fileID: 0}
  m_NavMeshLayer: 0
  m_StaticEditorFlags: 0
  m_IsActive: 1
--- !u!1 &179754
GameObject:
  m_ObjectHideFlags: 1
  m_PrefabParentObject: {fileID: 0}
  m_PrefabInternal: {fileID: 100100000}
  serializedVersion: 4
  m_Component:
  - 4: {fileID: 470380}
  m_Layer: 0
  m_Name: forearm_R
  m_TagString: Untagged
  m_Icon: {fileID: 0}
  m_NavMeshLayer: 0
  m_StaticEditorFlags: 0
  m_IsActive: 1
--- !u!1 &183654
GameObject:
  m_ObjectHideFlags: 1
  m_PrefabParentObject: {fileID: 0}
  m_PrefabInternal: {fileID: 100100000}
  serializedVersion: 4
  m_Component:
  - 4: {fileID: 446650}
  m_Layer: 0
  m_Name: thigh_L
  m_TagString: Untagged
  m_Icon: {fileID: 0}
  m_NavMeshLayer: 0
  m_StaticEditorFlags: 0
  m_IsActive: 1
--- !u!1 &186664
GameObject:
  m_ObjectHideFlags: 1
  m_PrefabParentObject: {fileID: 0}
  m_PrefabInternal: {fileID: 100100000}
  serializedVersion: 4
  m_Component:
  - 4: {fileID: 453612}
  m_Layer: 0
  m_Name: upper_arm_R
  m_TagString: Untagged
  m_Icon: {fileID: 0}
  m_NavMeshLayer: 0
  m_StaticEditorFlags: 0
  m_IsActive: 1
--- !u!1 &197000
GameObject:
  m_ObjectHideFlags: 1
  m_PrefabParentObject: {fileID: 0}
  m_PrefabInternal: {fileID: 100100000}
  serializedVersion: 4
  m_Component:
  - 4: {fileID: 406552}
  m_Layer: 0
  m_Name: thigh_R
  m_TagString: Untagged
  m_Icon: {fileID: 0}
  m_NavMeshLayer: 0
  m_StaticEditorFlags: 0
  m_IsActive: 1
--- !u!1 &197998
GameObject:
  m_ObjectHideFlags: 0
  m_PrefabParentObject: {fileID: 0}
  m_PrefabInternal: {fileID: 100100000}
  serializedVersion: 4
  m_Component:
  - 4: {fileID: 479864}
  m_Layer: 0
  m_Name: metarig
  m_TagString: Untagged
  m_Icon: {fileID: 0}
  m_NavMeshLayer: 0
  m_StaticEditorFlags: 0
  m_IsActive: 1
--- !u!4 &401662
Transform:
  m_ObjectHideFlags: 1
  m_PrefabParentObject: {fileID: 0}
  m_PrefabInternal: {fileID: 100100000}
  m_GameObject: {fileID: 121004}
  m_LocalRotation: {x: .714373767, y: .304077446, z: .142627195, w: .613892913}
  m_LocalPosition: {x: -.671439648, y: -.0412871391, z: .0323259309}
  m_LocalScale: {x: .999999762, y: .99999994, z: .999999881}
  m_Children:
  - {fileID: 412454}
  m_Father: {fileID: 438952}
  m_RootOrder: 0
--- !u!4 &406552
Transform:
  m_ObjectHideFlags: 1
  m_PrefabParentObject: {fileID: 0}
  m_PrefabInternal: {fileID: 100100000}
  m_GameObject: {fileID: 197000}
  m_LocalRotation: {x: -.0263674427, y: .988571882, z: -.00460457802, w: .148354858}
  m_LocalPosition: {x: -.135379791, y: .385829479, z: .0946639702}
  m_LocalScale: {x: .99999994, y: 1.00000012, z: 1.00000226}
  m_Children:
  - {fileID: 420644}
  m_Father: {fileID: 472946}
  m_RootOrder: 2
--- !u!4 &411904
Transform:
  m_ObjectHideFlags: 1
  m_PrefabParentObject: {fileID: 0}
  m_PrefabInternal: {fileID: 100100000}
  m_GameObject: {fileID: 110250}
  m_LocalRotation: {x: -.758543313, y: -3.98311023e-10, z: 3.98311023e-10, w: .651622653}
  m_LocalPosition: {x: 0, y: 0, z: 0}
  m_LocalScale: {x: .0897550955, y: .0897550881, z: .089755103}
  m_Children: []
  m_Father: {fileID: 443140}
  m_RootOrder: 0
--- !u!4 &412454
Transform:
  m_ObjectHideFlags: 1
  m_PrefabParentObject: {fileID: 0}
  m_PrefabInternal: {fileID: 100100000}
  m_GameObject: {fileID: 131854}
  m_LocalRotation: {x: -.0966003761, y: .0164032429, z: -.061573524, w: .993281484}
  m_LocalPosition: {x: -.901343465, y: 1.62050128e-07, z: -1.49011612e-08}
  m_LocalScale: {x: .999999821, y: .999999881, z: 1}
  m_Children:
  - {fileID: 440136}
  m_Father: {fileID: 401662}
  m_RootOrder: 0
--- !u!4 &417268
Transform:
  m_ObjectHideFlags: 1
  m_PrefabParentObject: {fileID: 0}
  m_PrefabInternal: {fileID: 100100000}
  m_GameObject: {fileID: 117116}
  m_LocalRotation: {x: .988954246, y: -.0240253229, z: -.146051273, w: -.00783295557}
  m_LocalPosition: {x: -1.37443161, y: 1.16633601e-07, z: -1.25728548e-08}
  m_LocalScale: {x: 1.00000012, y: .999999702, z: .999999821}
  m_Children:
  - {fileID: 459994}
  m_Father: {fileID: 420644}
  m_RootOrder: 1
--- !u!4 &420644
Transform:
  m_ObjectHideFlags: 1
  m_PrefabParentObject: {fileID: 0}
  m_PrefabInternal: {fileID: 100100000}
  m_GameObject: {fileID: 165866}
  m_LocalRotation: {x: -.00342950644, y: .113905102, z: .0544346608, w: .991993308}
  m_LocalPosition: {x: -1.34692931, y: 2.97441147e-08, z: 4.0687155e-08}
  m_LocalScale: {x: 1, y: 1, z: .999999881}
  m_Children:
  - {fileID: 467486}
  - {fileID: 417268}
  m_Father: {fileID: 406552}
  m_RootOrder: 0
--- !u!4 &429954
Transform:
  m_ObjectHideFlags: 1
  m_PrefabParentObject: {fileID: 0}
  m_PrefabInternal: {fileID: 100100000}
  m_GameObject: {fileID: 126432}
  m_LocalRotation: {x: .00342952996, y: .113905102, z: -.0544346608, w: .991993308}
  m_LocalPosition: {x: -1.34692943, y: 1.21712219e-07, z: 7.56699592e-09}
  m_LocalScale: {x: 1, y: 1, z: 1}
  m_Children:
  - {fileID: 462400}
  - {fileID: 452910}
  m_Father: {fileID: 446650}
  m_RootOrder: 0
--- !u!4 &432658
Transform:
  m_ObjectHideFlags: 1
  m_PrefabParentObject: {fileID: 0}
  m_PrefabInternal: {fileID: 100100000}
  m_GameObject: {fileID: 174074}
  m_LocalRotation: {x: -.000162706085, y: -.0164386798, z: -.0011997387, w: .999864161}
  m_LocalPosition: {x: -.626528382, y: 4.75345132e-08, z: -6.13795192e-09}
  m_LocalScale: {x: 1, y: 1, z: .99999994}
  m_Children:
  - {fileID: 445548}
  - {fileID: 438952}
  - {fileID: 442742}
  m_Father: {fileID: 439828}
  m_RootOrder: 0
--- !u!4 &438952
Transform:
  m_ObjectHideFlags: 1
  m_PrefabParentObject: {fileID: 0}
  m_PrefabInternal: {fileID: 100100000}
  m_GameObject: {fileID: 127634}
  m_LocalRotation: {x: -.253867209, y: -.701672912, z: .351510048, w: .56537354}
  m_LocalPosition: {x: -.573048651, y: -.0519337468, z: .226794198}
  m_LocalScale: {x: 1, y: 1, z: .99999994}
  m_Children:
  - {fileID: 401662}
  m_Father: {fileID: 432658}
  m_RootOrder: 1
--- !u!4 &439828
Transform:
  m_ObjectHideFlags: 1
  m_PrefabParentObject: {fileID: 0}
  m_PrefabInternal: {fileID: 100100000}
  m_GameObject: {fileID: 138588}
  m_LocalRotation: {x: .000123288104, y: -.0925645605, z: .00065975514, w: .995706499}
  m_LocalPosition: {x: -.506628156, y: 3.76188467e-08, z: 5.07682785e-08}
  m_LocalScale: {x: 1, y: .999999881, z: 1}
  m_Children:
  - {fileID: 432658}
  m_Father: {fileID: 472946}
  m_RootOrder: 0
--- !u!4 &440136
Transform:
  m_ObjectHideFlags: 1
  m_PrefabParentObject: {fileID: 0}
  m_PrefabInternal: {fileID: 100100000}
  m_GameObject: {fileID: 103328}
  m_LocalRotation: {x: .742035568, y: .0151302032, z: .0057422081, w: .670165241}
  m_LocalPosition: {x: -.815538526, y: 5.40167093e-07, z: -7.4505806e-09}
  m_LocalScale: {x: 1.00000036, y: .999999762, z: .999999881}
  m_Children: []
  m_Father: {fileID: 412454}
  m_RootOrder: 0
--- !u!4 &441216
Transform:
  m_ObjectHideFlags: 1
  m_PrefabParentObject: {fileID: 0}
  m_PrefabInternal: {fileID: 100100000}
  m_GameObject: {fileID: 153922}
  m_LocalRotation: {x: -.44262445, y: .677851319, z: -.128962189, w: .572686613}
  m_LocalPosition: {x: -.0508185662, y: .0235959291, z: .335276335}
  m_LocalScale: {x: .999999702, y: .999999821, z: .999999762}
  m_Children: []
  m_Father: {fileID: 452910}
  m_RootOrder: 0
--- !u!4 &442742
Transform:
  m_ObjectHideFlags: 1
  m_PrefabParentObject: {fileID: 0}
  m_PrefabInternal: {fileID: 100100000}
  m_GameObject: {fileID: 125200}
  m_LocalRotation: {x: .254624069, y: -.701405227, z: -.350847274, w: .565776885}
  m_LocalPosition: {x: -.573151946, y: .0406685174, z: .226789996}
  m_LocalScale: {x: 1, y: 1, z: .99999994}
  m_Children:
  - {fileID: 453612}
  m_Father: {fileID: 432658}
  m_RootOrder: 2
--- !u!4 &443140
Transform:
  m_ObjectHideFlags: 1
  m_PrefabParentObject: {fileID: 0}
  m_PrefabInternal: {fileID: 100100000}
  m_GameObject: {fileID: 123686}
  m_LocalRotation: {x: 0, y: 0, z: 0, w: 1}
  m_LocalPosition: {x: 0, y: 0, z: 0}
  m_LocalScale: {x: 1, y: 1, z: 1}
  m_Children:
  - {fileID: 411904}
  - {fileID: 479864}
  m_Father: {fileID: 0}
  m_RootOrder: 0
--- !u!4 &445548
Transform:
  m_ObjectHideFlags: 1
  m_PrefabParentObject: {fileID: 0}
  m_PrefabInternal: {fileID: 100100000}
  m_GameObject: {fileID: 111578}
  m_LocalRotation: {x: .000105378909, y: -.0294950586, z: -.00410567643, w: .999556541}
  m_LocalPosition: {x: -.725006819, y: 5.4307975e-08, z: -4.06772005e-10}
  m_LocalScale: {x: .999999881, y: 1, z: 1}
  m_Children:
  - {fileID: 472794}
  m_Father: {fileID: 432658}
  m_RootOrder: 0
--- !u!4 &446650
Transform:
  m_ObjectHideFlags: 1
  m_PrefabParentObject: {fileID: 0}
  m_PrefabInternal: {fileID: 100100000}
  m_GameObject: {fileID: 183654}
  m_LocalRotation: {x: .0263676941, y: .988571882, z: .00460436381, w: .148354962}
  m_LocalPosition: {x: -.135379851, y: -.397454232, z: .0946641639}
  m_LocalScale: {x: 1.00000012, y: 1, z: 1.00000226}
  m_Children:
  - {fileID: 429954}
  m_Father: {fileID: 472946}
  m_RootOrder: 1
--- !u!4 &449394
Transform:
  m_ObjectHideFlags: 1
  m_PrefabParentObject: {fileID: 0}
  m_PrefabInternal: {fileID: 100100000}
  m_GameObject: {fileID: 103062}
  m_LocalRotation: {x: .953387558, y: -.182868198, z: .237450421, w: -.0350531973}
  m_LocalPosition: {x: -.655937314, y: 6.12635631e-08, z: -1.28056854e-08}
  m_LocalScale: {x: .999999881, y: .999999881, z: .999999821}
  m_Children: []
  m_Father: {fileID: 467486}
  m_RootOrder: 0
--- !u!4 &452910
Transform:
  m_ObjectHideFlags: 1
  m_PrefabParentObject: {fileID: 0}
  m_PrefabInternal: {fileID: 100100000}
  m_GameObject: {fileID: 139574}
  m_LocalRotation: {x: .988954246, y: .0240251701, z: -.146051303, w: .00783293322}
  m_LocalPosition: {x: -1.37443149, y: 9.18807928e-08, z: 3.53902578e-08}
  m_LocalScale: {x: 1, y: .999999762, z: .999999881}
  m_Children:
  - {fileID: 441216}
  m_Father: {fileID: 429954}
  m_RootOrder: 1
--- !u!4 &453612
Transform:
  m_ObjectHideFlags: 1
  m_PrefabParentObject: {fileID: 0}
  m_PrefabInternal: {fileID: 100100000}
  m_GameObject: {fileID: 186664}
  m_LocalRotation: {x: -.714373827, y: .304077625, z: -.142627135, w: .613892794}
  m_LocalPosition: {x: -.671439767, y: .0412871726, z: .0323259905}
  m_LocalScale: {x: .99999994, y: 1.00000012, z: 1}
  m_Children:
  - {fileID: 470380}
  m_Father: {fileID: 442742}
  m_RootOrder: 0
--- !u!4 &459994
Transform:
  m_ObjectHideFlags: 1
  m_PrefabParentObject: {fileID: 0}
  m_PrefabInternal: {fileID: 100100000}
  m_GameObject: {fileID: 160280}
  m_LocalRotation: {x: .44262448, y: .67785126, z: .128962249, w: .572686613}
  m_LocalPosition: {x: -.050818529, y: -.0235959254, z: .335276335}
  m_LocalScale: {x: .999999881, y: .999999881, z: .999999821}
  m_Children: []
  m_Father: {fileID: 417268}
  m_RootOrder: 0
--- !u!4 &462400
Transform:
  m_ObjectHideFlags: 1
  m_PrefabParentObject: {fileID: 0}
  m_PrefabInternal: {fileID: 100100000}
  m_GameObject: {fileID: 177294}
  m_LocalRotation: {x: .0149897998, y: -.60800916, z: .0204412434, w: .793525279}
  m_LocalPosition: {x: -1.37443149, y: 9.18807928e-08, z: 3.53902578e-08}
  m_LocalScale: {x: .99999994, y: 1, z: .999999881}
  m_Children:
  - {fileID: 471940}
  m_Father: {fileID: 429954}
  m_RootOrder: 0
--- !u!4 &467486
Transform:
  m_ObjectHideFlags: 1
  m_PrefabParentObject: {fileID: 0}
  m_PrefabInternal: {fileID: 100100000}
  m_GameObject: {fileID: 149488}
  m_LocalRotation: {x: -.0149898967, y: -.60800916, z: -.0204412509, w: .793525279}
  m_LocalPosition: {x: -1.37443161, y: 1.16633601e-07, z: -1.25728548e-08}
  m_LocalScale: {x: 1, y: 1.00000012, z: 1}
  m_Children:
  - {fileID: 449394}
  m_Father: {fileID: 420644}
  m_RootOrder: 0
--- !u!4 &470380
Transform:
  m_ObjectHideFlags: 1
  m_PrefabParentObject: {fileID: 0}
  m_PrefabInternal: {fileID: 100100000}
  m_GameObject: {fileID: 179754}
  m_LocalRotation: {x: .0966003984, y: .016403228, z: .061573524, w: .993281484}
  m_LocalPosition: {x: -.901343524, y: -5.0291419e-08, z: -7.63684511e-08}
  m_LocalScale: {x: .999999821, y: .999999881, z: 1}
  m_Children:
  - {fileID: 470498}
  m_Father: {fileID: 453612}
  m_RootOrder: 0
--- !u!4 &470498
Transform:
  m_ObjectHideFlags: 1
  m_PrefabParentObject: {fileID: 0}
  m_PrefabInternal: {fileID: 100100000}
  m_GameObject: {fileID: 166530}
  m_LocalRotation: {x: -.742035568, y: .015130315, z: -.00574220531, w: .670165241}
  m_LocalPosition: {x: -.815538228, y: 8.38190317e-08, z: 5.21540642e-08}
  m_LocalScale: {x: 1.00000024, y: .999999702, z: .999999821}
  m_Children: []
  m_Father: {fileID: 470380}
  m_RootOrder: 0
--- !u!4 &471940
Transform:
  m_ObjectHideFlags: 1
  m_PrefabParentObject: {fileID: 0}
  m_PrefabInternal: {fileID: 100100000}
  m_GameObject: {fileID: 100312}
  m_LocalRotation: {x: .953387618, y: .182868242, z: .237450197, w: .0350525714}
  m_LocalPosition: {x: -.655937195, y: 6.97327778e-08, z: -2.44472176e-08}
  m_LocalScale: {x: .999999583, y: .999999702, z: .999999821}
  m_Children: []
  m_Father: {fileID: 462400}
  m_RootOrder: 0
--- !u!4 &472794
Transform:
  m_ObjectHideFlags: 1
  m_PrefabParentObject: {fileID: 0}
  m_PrefabInternal: {fileID: 100100000}
  m_GameObject: {fileID: 148152}
  m_LocalRotation: {x: .000794995693, y: .154313177, z: .0143298823, w: .987917781}
  m_LocalPosition: {x: -.287320733, y: 2.53485268e-08, z: -1.61275011e-08}
  m_LocalScale: {x: 1, y: .99999994, z: 1}
  m_Children: []
  m_Father: {fileID: 445548}
  m_RootOrder: 0
--- !u!4 &472946
Transform:
  m_ObjectHideFlags: 1
  m_PrefabParentObject: {fileID: 0}
  m_PrefabInternal: {fileID: 100100000}
  m_GameObject: {fileID: 138510}
  m_LocalRotation: {x: .550816834, y: .550816715, z: -.443397045, w: .443396896}
  m_LocalPosition: {x: .00581240747, y: .118873224, z: 2.90084124}
  m_LocalScale: {x: 1, y: 1, z: 1.00000012}
  m_Children:
  - {fileID: 439828}
  - {fileID: 446650}
  - {fileID: 406552}
  m_Father: {fileID: 479864}
  m_RootOrder: 0
--- !u!4 &479864
Transform:
  m_ObjectHideFlags: 1
  m_PrefabParentObject: {fileID: 0}
  m_PrefabInternal: {fileID: 100100000}
  m_GameObject: {fileID: 197998}
  m_LocalRotation: {x: -.707106829, y: 0, z: -0, w: .707106709}
  m_LocalPosition: {x: 0, y: 0, z: 0}
  m_LocalScale: {x: 1, y: 1, z: 1}
  m_Children:
  - {fileID: 472946}
  m_Father: {fileID: 443140}
  m_RootOrder: 1
--- !u!95 &9593986
Animator:
  serializedVersion: 3
  m_ObjectHideFlags: 1
  m_PrefabParentObject: {fileID: 0}
  m_PrefabInternal: {fileID: 100100000}
  m_GameObject: {fileID: 123686}
  m_Enabled: 1
  m_Avatar: {fileID: 9000000, guid: d44daa812429c8f49b9830519af7f2bb, type: 3}
  m_Controller: {fileID: 9100000, guid: c7d52fa809b68494da481c41a9cbf7db, type: 2}
  m_CullingMode: 1
  m_UpdateMode: 0
  m_ApplyRootMotion: 0
  m_LinearVelocityBlending: 0
  m_WarningMessage: 
  m_HasTransformHierarchy: 1
  m_AllowConstantClipSamplingOptimization: 1
--- !u!137 &13796032
SkinnedMeshRenderer:
  m_ObjectHideFlags: 1
  m_PrefabParentObject: {fileID: 0}
  m_PrefabInternal: {fileID: 100100000}
  m_GameObject: {fileID: 110250}
  m_Enabled: 1
  m_CastShadows: 1
  m_ReceiveShadows: 1
  m_Materials:
  - {fileID: 2100000, guid: f2c7ff1e124a1a446ac938d6e1ea6116, type: 2}
  m_SubsetIndices: 
  m_StaticBatchRoot: {fileID: 0}
  m_UseLightProbes: 1
  m_ReflectionProbeUsage: 1
  m_ProbeAnchor: {fileID: 0}
  m_ScaleInLightmap: 1
  m_PreserveUVs: 0
  m_ImportantGI: 0
  m_AutoUVMaxDistance: .5
  m_AutoUVMaxAngle: 89
  m_LightmapParameters: {fileID: 0}
  m_SortingLayerID: 0
  m_SortingOrder: 0
  serializedVersion: 2
  m_Quality: 0
  m_UpdateWhenOffscreen: 0
  m_Mesh: {fileID: 4300002, guid: d44daa812429c8f49b9830519af7f2bb, type: 3}
  m_Bones:
  - {fileID: 472946}
  - {fileID: 439828}
  - {fileID: 432658}
  - {fileID: 445548}
  - {fileID: 472794}
  - {fileID: 438952}
  - {fileID: 401662}
  - {fileID: 412454}
  - {fileID: 440136}
  - {fileID: 442742}
  - {fileID: 453612}
  - {fileID: 470380}
  - {fileID: 470498}
  - {fileID: 446650}
  - {fileID: 429954}
  - {fileID: 462400}
  - {fileID: 471940}
  - {fileID: 452910}
  - {fileID: 441216}
  - {fileID: 406552}
  - {fileID: 420644}
  - {fileID: 467486}
  - {fileID: 449394}
  - {fileID: 417268}
  - {fileID: 459994}
  m_BlendShapeWeights: []
  m_RootBone: {fileID: 472946}
  m_AABB:
    m_Center: {x: -.0025626421, y: .00127696991, z: .0916639566}
    m_Extent: {x: 3.05238485, y: 2.65984535, z: 1.42837763}
  m_DirtyAABB: 0
--- !u!1001 &100100000
Prefab:
  m_ObjectHideFlags: 1
  serializedVersion: 2
  m_Modification:
    m_TransformParent: {fileID: 0}
    m_Modifications: []
    m_RemovedComponents: []
  m_ParentPrefab: {fileID: 0}
  m_RootGameObject: {fileID: 123686}
  m_IsPrefabParent: 1
